<?xml version="1.0" encoding="UTF-8"?><collection xmlns="http://www.loc.gov/MARC21/slim"><record><leader>00571nam--2200193-u-4500</leader><controlfield tag="001">000055408</controlfield><controlfield tag="002">20161230</controlfield><controlfield tag="005">20161230201052</controlfield><controlfield tag="008">130130s1000------------r-----000-0-rus-d</controlfield><datafield ind1=" " ind2=" " tag="040"><subfield code="a">IFIN-HH</subfield></datafield><datafield ind1=" " ind2=" " tag="041"><subfield code="a">rus</subfield></datafield><datafield ind1=" " ind2=" " tag="080"><subfield code="a">539.4</subfield></datafield><datafield ind1="1" ind2=" " tag="100"><subfield code="a">Yokobori, Takeo</subfield></datafield><datafield ind1="1" ind2="0" tag="245"><subfield code="a">Fizika i mehanika razusenia i procenosti tverdih</subfield><subfield code="c">Takeo yokobori</subfield></datafield><datafield ind1=" " ind2=" " tag="260"><subfield code="a">Moskva</subfield><subfield code="b">Metalurgia</subfield><subfield code="c">1971</subfield></datafield><datafield ind1=" " ind2=" " tag="300"><subfield code="a">268P</subfield></datafield><datafield ind1=" " ind2=" " tag="500"><subfield code="a">Titlul Original In Limba Engleza: An Interdiscipliary Approach To Fracture And Strength Of Solids</subfield></datafield><datafield ind1=" " ind2=" " tag="852"><subfield code="a">77569</subfield><subfield code="c">539.4</subfield></datafield><datafield ind1=" " ind2=" " tag="CAT"><subfield code="a">Sys</subfield><subfield code="c">20130130</subfield><subfield code="h">153234</subfield></datafield></record></collection>